@misc{trab2,
  title = "2o Trabalho - Algoritmos Probabilísticos",
  author = "Joaquim Madeira",
  howpublished = {\url{https://elearning.ua.pt/pluginfile.php/1514391/mod_resource/content/0/AA_1920_Trab_2.pdf}}
},
@misc{gutenberg,
  title = "Free eBooks - Project Gutenberg",
  author = "Michael Hart",
  howpublished = {\url{https://www.gutenberg.org/}}
},
@misc{nltk,
  title = "Natural Language Toolkit",
  author = "NLTK Project",
  howpublished = {\url{https://www.nltk.org/}}
},
@misc{stopwords,
  title = "Stopwords ISO",
  author = "Gene Diaz",
  howpublished = {\url{https://github.com/stopwords-iso}}
},
@misc{lib_counter,
  title = "Python Collections: Counter Objects",
  author = "Python SW Foundation",
  howpublished = {\url{https://docs.python.org/2/library/collections.html#collections.Counter}}
},
@misc{lib_re,
  title = "Python String Services: Regular Expression Operations",
  author = "Python SW Foundation",
  howpublished = {\url{https://docs.python.org/2/library/re.html}}
},
@misc{lib_sys,
  title = "Python Std Lib: System-Specific Functions",
  author = "Python SW Foundation",
  howpublished = {\url{https://docs.python.org/2/library/sys.html}}
},
@misc{lib_math,
  title = "Python Std Lib: Math Functions",
  author = "Python SW Foundation",
  howpublished = {\url{https://docs.python.org/3/library/math.html}}
},
@misc{lib_random,
  title = "Python Std Lib: Random",
  author = "Python SW Foundation",
  howpublished = {\url{https://docs.python.org/3/library/random.html}}
},
@misc{lib_numpy,
  title = "Python NumPy",
  author = "The SciPy Community",
  howpublished = {\url{https://numpy.org/devdocs/}}
},
@misc{lib_matplotlib,
  title = "Python Matplotlib",
  author = "The Matplotlib Development Team",
  howpublished = {\url{https://matplotlib.org/contents.html}}
},
@misc{lib_os,
  title = "Python Std Lib: OS",
  author = "Python SW Foundation",
  howpublished = {\url{https://docs.python.org/2/library/os.html}}
},
@misc{lib_shutil,
  title = "Python Std Lib: File Operations",
  author = "Python SW Foundation",
  howpublished = {\url{https://docs.python.org/2/library/shutil.html}}
},
@misc{csuros,
  title = "Approximate Counting with a Floating-Point Counter",
  author = "Miklós Csuros",
  howpublished = {\url{https://arxiv.org/pdf/0904.3062.pdf}}
}

